% Encoding: UTF-8

@Online{DatalogicScanning2007,
  author   = {{Datalogic Scanning}},
  title    = {{Strichcode-Fibel}},
  year     = {2007},
  date     = {2016-11-10},
  url      = {http://www.logitogo.com/assets/Strichcodefibel_Datalogic_2008_deutsch.pdf},
  language = {Deutsch},
  month    = {10},
  urldate  = {2016-11-10},
}

@Online{DatalogicScanning2010,
  author  = {{Datalogic Scanning, Inc.}},
  title   = {{The Art of the Code - Your resource guide for communication}},
  year    = {2010},
  date    = {2016-11-10},
  url     = {http://www.logitogo.com/assets/the_art_of_the_code.pdf},
  urldate = {2016-11-10},
}

@Online{Lenz2013,
  author  = {Dennis Lenz},
  title   = {{Der Barcode erobert die Welt der Produkte}},
  year    = {2013},
  date    = {2013-06-15},
  url     = {http://www.forschung-und-wissen.de/magazin/forschung-technologie/der-barcode-erobert-die-welt-der-produkte-13371880},
  urldate = {2016-11-22},
}

@Misc{Plotz2015,
  author       = {Henryk Pl"otz},
  title        = {{QRtistry - Dissecting and Constructing QR codes}},
  year         = {2015},
  date         = {2015-12-29},
  howpublished = {Video},
  url          = {https://media.ccc.de/v/32c3-7310-qrtistry#video&t=0},
  urldate      = {2016-11-10},
}

@Misc{Mik2013,
  author       = {{Mik 0}},
  title        = {Codabar example},
  year         = {2013},
  date         = {2013-10-22},
  subtitle     = {CC BY-SA 3.0, https://commons.wikimedia.org/w/index.php?curid=5821291},
  howpublished = {Bild},
  type         = {Bild},
  url          = {https://upload.wikimedia.org/wikipedia/commons/thumb/3/3e/Codabar-example.svg/2000px-Codabar-example.svg.png},
  urldate      = {2016-12-06},
  timestamp    = {2016-12-06},
}

@Misc{brdall2009,
  author       = {brdall},
  title        = {qrcode for http://en.m.wikipedia.org},
  year         = {2009},
  date         = {2009-04-07},
  howpublished = {Bild},
  type         = {Bild},
  url          = {https://upload.wikimedia.org/wikipedia/commons/thumb/9/9b/Wikipedia_mobile_en.svg/1024px-Wikipedia_mobile_en.svg.png},
  urldate      = {2016-12-06},
}

@Misc{Sakurambo2007,
  author       = {Sakurambo},
  title        = {An EAN-13 barcode},
  year         = {2007},
  date         = {2007-05-15},
  howpublished = {Bild},
  type         = {Bild},
  url          = {https://upload.wikimedia.org/wikipedia/commons/thumb/a/a2/EAN-13-5901234123457.svg/2000px-EAN-13-5901234123457.svg.png},
  urldate      = {2016-12-06},
}

@Book{Lenk2012,
  author    = {Lenk, Bernhard},
  title     = {QR Code : [mit 26 Tabellen]},
  year      = {2012},
  date      = {2012-10-01},
  edition   = {1. Aufl., Stand 1. Okt. 2012},
  publisher = {Lenk},
  isbn      = {978-3-935551-10-6},
  address   = {Kirchheim unter Teck},
  bestand   = {Württembergische Landesbibliothek <24> [Signatur: 64/5851]; Karlsruher Institut für Technologie (KIT) - KIT-Bibliothek <90> [Signatur: 2013 A 1479]; Badische Landesbibliothek <31>; Kommunikations- u. Informationszentrum Universität Ulm (kiz) <289> [Signatur: QAA 177/2012 L]; Hochschulbibliothek Konstanz - <Kon 4> [Signatur: ibd1/78]; Berufsakademie Sachsen, Staatliche Studienakademie <Brt 1>; Duale Hochschule Baden-Württemberg Mosbach <941> [Signatur: ST 330 4]; Duale Hochschule Baden-Württemberg Heidenheim <Hed 2> [Signatur: Z 100/ Lenk]; },
  keywords  = {QR-Code ; Mobile computing / Bar coding / Marketing ; QR-Code / Strichcode},
  size      = {355 S. : Ill., graph. Darst. ; 170 mm x 240 mm, 805 g},
}

@Online{Lipinski2016,
  author  = {Klaus Lipinski and others},
  editor  = {Klaus Lipinski and others},
  title   = {MaxiCode},
  date    = {2016-12-08},
  url     = {http://www.itwissen.info/definition/lexikon/MaxiCode-MaxiCode.html},
  urldate = {2016-12-08},
}

@Misc{Darco2008,
  author       = {Darco},
  title        = {MaxiCode encoding of the text "Wikipedia, the free encyclopedia"},
  year         = {2008},
  date         = {2008-07-29},
  howpublished = {Bild},
  type         = {Bild},
  url          = {https://upload.wikimedia.org/wikipedia/commons/thumb/b/b4/MaxiCode.svg/2000px-MaxiCode.svg.png},
  urldate      = {2016-12-08},
}

@Online{peternikolow2012,
  author  = {peternikolow},
  title   = {1D, 2D \& 3D Barcodes},
  year    = {2012},
  date    = {2012-03-22},
  url     = {https://www.mobiliodevelopment.com/1d-2d-3d-barcodes/},
  urldate = {2016-12-08},
}

@Online{EtiscanGmbH2016,
  author   = {{Etiscan GmbH}},
  title    = {3D-Code},
  year     = {2016},
  date     = {2016-12-08},
  url      = {http://www.barcode.de/eintrag/3d-code.html},
  language = {Deutsch},
  urldate  = {2016-12-08},
}

@Misc{zayani2009,
  author       = {zayani},
  title        = {{An HCCB Tag that is encoded with a spezific URI}},
  year         = {2009},
  date         = {2009-01-28},
  howpublished = {Bild},
  type         = {Bild},
  url          = {https://upload.wikimedia.org/wikipedia/commons/1/16/High_Capacity_Color_Barcode.png},
  urldate      = {2016-12-08},
}

@Online{Paradiso2007,
  author       = {Ann Paradiso},
  title        = {High Capacity Color Barcodes (HCCB)},
  year         = {2007},
  date         = {2007-12-18},
  url          = {https://www.microsoft.com/en-us/research/project/high-capacity-color-barcodes-hccb/},
  language     = {Englisch},
  organization = {Microsoft Research},
  urldate      = {2016-12-08},
}

@Online{Unglaube2015,
  author       = {Karin Unglaube},
  title        = {{Was ist ein 3D-Code? Wie unterscheidet er sich vom 2D-Code?}},
  year         = {2015},
  date         = {2015-04-20},
  url          = {http://blog.unglaube.de/3d-code-unterscheidet-2d-code/},
  subtitle     = {Kommt der 4D-Code?},
  language     = {Deutsch},
  organization = {Unglaube GmbH},
  urldate      = {2016-12-08},
}

@TechReport{ISO18004,
  author      = {ISO},
  title       = {Information technology — Automatic identification and data capture techniques — Bar code symbology — QR Code},
  institution = {International Organization for Standardization},
  year        = {2000},
  date        = {2000-06-15},
  type        = {ISO},
  number      = {18004:2000},
  address     = {Geneva, Switzerland},
}

@Book{Lenk2007,
  author    = {Lenk, Bernhard},
  title     = {Handbuch der automatischen Identifikation},
  year      = {2007},
  volume    = {1: ID-Techniken, 1D-Codes, 2D-Codes, 3D-Codes},
  edition   = {3. Aufl.},
  publisher = {Lenk},
  isbn      = {3-935551-00-2; 978-3-935551-00-7},
  address   = {Kirchheim},
  bestand   = {Hochschule für Technik und Wirtschaft des Saarlandes, <Sa 16/1> [Signatur: 7.8.1. Len 1]; Karlsruher Institut für Technologie (KIT) - KIT-Bibliothek <90> [Signatur: 2003 A 321-1(3)]; Hochschulbibliothek Pforzheim, <951> [Signatur: nach 1.31 2008 2194-A(3)]; Hochschule Mannheim, Hochschulbibliothek <953> [Signatur: E IV 6764/1]; Hochschule der Medien Stuttgart <958> [Signatur: Vel]; Hochschule Furtwangen, Hochschule für Technik und Wirtschaft <Fn 1>; Duale Hochschule Baden-Württemberg Mannheim <Mh 35> [Signatur: INF H 4100.22-1 (3)]; Hochschule Ulm, Hochschule für Technik <943> [Signatur: 471 Len]; Bibl.sigel ; Zentrum für Wissensmanagement, Bibliothek Lippstadt <1926> [Signatur: ST 330]; },
  size      = {XXII, 452 S. : Ill., graph. Darst.},
}

@Book{Lenk2002,
  author    = {Lenk, Bernhard},
  title     = {Handbuch der automatischen Identifikation},
  year      = {2002},
  volume    = {2: 2D-Codes, Matrixcodes, Stapelcades, Composite Codes, Dotcodes},
  publisher = {Lenk},
  isbn      = {3-935551-01-0},
  address   = {Kirchheim},
  bestand   = {Hochschule für Technik und Wirtschaft des Saarlandes, <Sa 16/1> [Signatur: 7.8.1. Len 2]; Württembergische Landesbibliothek <24> [Signatur: 51/6381-2]; Karlsruher Institut für Technologie (KIT) - KIT-Bibliothek <90> [Signatur: 2003 A 321-2]; KIT, Campus Süd, Mathematische Bibliothek <90/5>; Universität Stuttgart, Institut für Arbeitswissenschaft und <93/201> [Signatur: 681.3.053 LEN]; Badische Landesbibliothek <31> [Signatur: 102 A 2935,2]; Westsächsische Hochschule Zwickau <Zwi 2> [Signatur: 74 510]; Hochschule für Technik, Wirtschaft und Kultur Leipzig <L 189>; Hochschule Mannheim, Hochschulbibliothek <953> [Signatur: E IV 6764/2]; Hochschule Furtwangen, Hochschule für Technik und Wirtschaft <Fn 1>; Duale Hochschule Baden-Württemberg Stuttgart <Stg 259> [Signatur: THl 71/2]; Hochschule Albstadt-Sigmaringen, Bibliothek Albstadt <991a> [Signatur: BwLo 59-2]; Berufsakademie Sachsen, Staatliche Studienakademie Dresden <D 161>; Duale Hochschule Baden-Württemberg Lörrach, <Lör 2> [Signatur: ST 180]; Duale Hochschule Baden-Württemberg Heidenheim <Hed 2> [Signatur: Z 010/ Hand]; Bibl.sigel ; Berufsakademie Sachsen, Staatliche Studienakademie Plauen <Pl 11>; Zentrum für Wissensmanagement, Bibliothek Lippstadt <1926> [Signatur: ST 330]; },
  size      = {XXX, 530 S. : graph. Darst.},
}

@Comment{jabref-meta: databaseType:biblatex;}
